@article{jolliffe2005principal,
  title={Principal component analysis},
  author={Jolliffe, Ian},
  journal={Encyclopedia of statistics in behavioral science},
  year={2005},
  publisher={Wiley Online Library}
}

@slides{slideCourse,
  title={Slide course "Low-rank Approximation for Data Analysis: models, numerical methods and applications"},
  author={Flavia Esposito},
}